<record><leader>00000cas a2200000 a 4500</leader><controlfield tag="001">9696246</controlfield><controlfield tag="008">830712d19501982nbuwr ne      0    0ger d</controlfield><controlfield tag="009">540</controlfield><datafield ind1=" " ind2=" " tag="010"><subfield code="a">sn 83045445 </subfield></datafield><datafield ind1=" " ind2=" " tag="040"><subfield code="a">CRL</subfield><subfield code="b">eng</subfield><subfield code="c">CRL</subfield><subfield code="d">NPW</subfield><subfield code="d">CRL</subfield><subfield code="d">NVG</subfield><subfield code="d">DLC</subfield><subfield code="d">OCL</subfield><subfield code="d">OCLCQ</subfield><subfield code="d">OCLCF</subfield><subfield code="d">OCLCO</subfield></datafield><datafield ind1="1" ind2=" " tag="029"><subfield code="a">AU@</subfield><subfield code="b">000025813916</subfield></datafield><datafield ind1="0" ind2=" " tag="041"><subfield code="a">gereng</subfield></datafield><datafield ind1=" " ind2=" " tag="042"><subfield code="a">msc</subfield></datafield><datafield ind1=" " ind2=" " tag="043"><subfield code="a">n-us-nb</subfield></datafield><datafield ind1="0" ind2="0" tag="245"><subfield code="a">Volkszeitung-Tribu&#776;ne.</subfield></datafield><datafield ind1="1" ind2=" " tag="246"><subfield code="i">On Sundays published as:</subfield><subfield code="a">Sonntagsblatt der Volkszeitung-Tribu&#776;ne</subfield><subfield code="f">8. Jan. 1950-22. Feb. 1959</subfield></datafield><datafield ind1=" " ind2=" " tag="260"><subfield code="a">Omaha, Nebr. :</subfield><subfield code="b">Tribune Pub. Co.,</subfield><subfield code="c">1950-1982.</subfield></datafield><datafield ind1=" " ind2=" " tag="300"><subfield code="a">v. :</subfield><subfield code="b">ill. ;</subfield><subfield code="c">45 cm.</subfield></datafield><datafield ind1=" " ind2=" " tag="310"><subfield code="a">Weekly,</subfield><subfield code="b">27. Feb. 1959-1982</subfield></datafield><datafield ind1=" " ind2=" " tag="321"><subfield code="a">Three times a week,</subfield><subfield code="b">1950-22. Feb. 1959</subfield></datafield><datafield ind1="0" ind2=" " tag="362"><subfield code="a">3. Jan. 1950-97. v., issue 15.</subfield></datafield><datafield ind1=" " ind2=" " tag="515"><subfield code="a">Vol. numbering begins with 92. Jahrg., Nr. 1, 4. Jan. 1974.</subfield></datafield><datafield ind1=" " ind2=" " tag="515"><subfield code="a">Some irregularities in numbering.</subfield></datafield><datafield ind1=" " ind2=" " tag="546"><subfield code="a">In German; some advertisements in English.</subfield></datafield><datafield ind1=" " ind2=" " tag="580"><subfield code="a">Merged with: America-Herold und Sonntagspost, and: Buffalo Volksfreund, and: California freie Presse, and: Cincinnati Kurier, and: Deutsche Wochen Schrift, and: Milwaukee-Herold (Winona, Minn. : Weekly), and: Welt-Post und der Staats-Anzeiger, to form: Amerika Woche.</subfield></datafield><datafield ind1=" " ind2="0" tag="650"><subfield code="a">Germans</subfield><subfield code="z">United States</subfield><subfield code="v">Newspapers.</subfield></datafield><datafield ind1=" " ind2="0" tag="650"><subfield code="a">German Americans</subfield><subfield code="v">Newspapers.</subfield></datafield><datafield ind1=" " ind2="0" tag="650"><subfield code="a">German American newspapers.</subfield></datafield><datafield ind1=" " ind2="4" tag="651"><subfield code="a">Omaha (Neb.)</subfield><subfield code="v">Newspapers.</subfield></datafield><datafield ind1=" " ind2="7" tag="655"><subfield code="a">Newspapers.</subfield><subfield code="2">fast</subfield><subfield code="0">(OCoLC)fst01423814</subfield></datafield><datafield ind1=" " ind2="7" tag="650"><subfield code="a">German American newspapers.</subfield><subfield code="2">fast</subfield><subfield code="0">(OCoLC)fst00941297</subfield></datafield><datafield ind1=" " ind2="7" tag="650"><subfield code="a">German Americans.</subfield><subfield code="2">fast</subfield><subfield code="0">(OCoLC)fst00941308</subfield></datafield><datafield ind1=" " ind2="7" tag="650"><subfield code="a">Germans.</subfield><subfield code="2">fast</subfield><subfield code="0">(OCoLC)fst00942100</subfield></datafield><datafield ind1=" " ind2="7" tag="651"><subfield code="a">United States.</subfield><subfield code="2">fast</subfield><subfield code="0">(OCoLC)fst01204155</subfield></datafield><datafield ind1=" " ind2=" " tag="752"><subfield code="a">United States</subfield><subfield code="b">Nebraska</subfield><subfield code="c">Douglas</subfield><subfield code="d">Omaha.</subfield></datafield><datafield ind1="0" ind2="0" tag="780"><subfield code="t">Ta&#776;gliche Volkszeitung-Tribu&#776;ne</subfield><subfield code="w">(DLC)sn 84020264</subfield><subfield code="w">(OCoLC)10522796</subfield></datafield><datafield ind1="1" ind2="7" tag="785"><subfield code="t">America-Herold und Sonntagspost</subfield></datafield><datafield ind1="1" ind2="7" tag="785"><subfield code="t">Buffalo Volksfreund</subfield></datafield><datafield ind1="1" ind2="7" tag="785"><subfield code="t">California freie Presse</subfield></datafield><datafield ind1="1" ind2="7" tag="785"><subfield code="t">Cincinnati Kurier</subfield></datafield><datafield ind1="1" ind2="7" tag="785"><subfield code="t">Deutsche Wochen Schrift</subfield></datafield><datafield ind1="1" ind2="7" tag="785"><subfield code="t">Milwaukee-Herold Winona, Minn. : Weekly)</subfield></datafield><datafield ind1="1" ind2="7" tag="785"><subfield code="t">Welt-Post und der Staats-Anzeiger</subfield></datafield><datafield ind1="1" ind2="7" tag="785"><subfield code="t">Amerika Woche</subfield><subfield code="x">0745-6557</subfield><subfield code="w">(DLC)sn 83007175</subfield><subfield code="w">(OCoLC)9328374</subfield></datafield></record>